@article{孙晓霞2014海洋浮游生物图像观测技术及其应用,
  title={海洋浮游生物图像观测技术及其应用},
  author={孙晓霞 and 孙松},
  journal={地球科学进展},
  volume={29},
  number={6},
  pages={748--755},
  year={2014}
}
@article{grosjean2004enumeration,
  title={Enumeration, measurement, and identification of net zooplankton samples using the ZOOSCAN digital imaging system},
  author={Grosjean, Philippe and Picheral, Marc and Warembourg, Caroline and Gorsky, Gabriel},
  journal={ICES Journal of Marine Science: Journal du Conseil},
  volume={61},
  number={4},
  pages={518--525},
  year={2004},
  publisher={Oxford University Press}
}
@phdthesis{毕永坤2011基于,
  title={基于ZooScan技术的浮游动物体形参数和生物量关系研究},
  author={毕永坤},
  school={中国科学院研究生院},
  year={2011},
}
@article{davis1992video,
  title={The video plankton recorder (VPR): design and initial results},
  author={Davis, CS and Gallager, SM and Berman, MS and Haury, LR and Strickler, JR},
  journal={Arch. Hydrobiol. Beih},
  volume={36},
  pages={67--81},
  year={1992}
}
@article{davis2004real,
  title={Real-time observation of taxa-specific plankton distributions: an optical sampling method},
  author={Davis, Cabell S and Hu, Qiao and Gallager, Scott M and Tang, Xiaoou and Ashjian, Carin J},
  journal={Marine Ecology Progress Series},
  volume={284},
  pages={77--96},
  year={2004}
}
@article{sieracki1998imaging,
  title={An imaging-in-flow system for automated analysis of marine microplankton},
  author={Sieracki, Christian K and Sieracki, Michael E and Yentsch, Charles S},
  journal={Marine Ecology Progress Series},
  volume={168},
  pages={285--296},
  year={1998}
}
@article{samson2001system,
  title={A system for high-resolution zooplankton imaging},
  author={Samson, Scott and Hopkins, Thomas and Remsen, Andrew and Langebrake, Lawrence and Sutton, Tracey and Patten, Jim},
  journal={IEEE Journal of oceanic Engineering},
  volume={26},
  number={4},
  pages={671--676},
  year={2001},
  publisher={IEEE}
}
@article{olson2007submersible,
  title={A submersible imaging-in-flow instrument to analyze nano-and microplankton: Imaging FlowCytobot},
  author={Olson, Robert J and Sosik, Heidi M},
  journal={Limnol. Oceanogr. Methods},
  volume={5},
  number={6},
  pages={195--203},
  year={2007}
}
@incollection{tang1998automatic,
  title={Automatic plankton image recognition},
  author={Tang, Xiaoou and Stewart, W Kenneth and Vincent, Luc and Huang, HE and Marra, Marty and Gallager, Scott M and Davis, Cabell S},
  booktitle={Artificial Intelligence for Biology and Agriculture},
  pages={177--199},
  year={1998},
  publisher={Springer}
}
@inproceedings{zhao2005binary,
  title={Binary plankton image classification using random subspace},
  author={Zhao, Feng and Tang, Xiaoou and Lin, Feng and Samson, Scott and Remsen, Andrew},
  booktitle={IEEE International Conference on Image Processing 2005},
  volume={1},
  pages={I--357},
  year={2005},
  organization={IEEE}
}
@article{tang2006binary,
  title={Binary plankton image classification},
  author={Tang, Xiaoou and Lin, Feng and Samson, Scott and Remsen, Andrew},
  journal={IEEE Journal of Oceanic Engineering},
  volume={31},
  number={3},
  pages={728--735},
  year={2006},
  publisher={IEEE}
}
@article{sosik2007automated,
  title={Automated taxonomic classification of phytoplankton sampled with imaging-in-flow cytometry},
  author={Sosik, Heidi M and Olson, Robert J},
  journal={Limnol. Oceanogr. Methods},
  volume={5},
  number={204},
  pages={e216},
  year={2007}
}
@article{gorsky2010digital,
  title={Digital zooplankton image analysis using the ZooScan integrated system},
  author={Gorsky, Gaby and Ohman, Mark D and Picheral, Marc and Gasparini, St{\'e}phane and Stemmann, Lars and Romagnan, Jean-Baptiste and Cawood, Alison and Pesant, St{\'e}phane and Garc{\'\i}a-Comas, Carmen and Prejger, Franck},
  journal={Journal of Plankton Research},
  volume={32},
  number={3},
  pages={285--303},
  year={2010},
  publisher={Oxford Univ Press}
}
@article{mosleh2012preliminary,
  title={A preliminary study on automated freshwater algae recognition and classification system},
  author={Mosleh, Mogeeb AA and Manssor, Hayat and Malek, Sorayya and Milow, Pozi and Salleh, Aishah},
  journal={BMC bioinformatics},
  volume={13},
  number={17},
  pages={1},
  year={2012},
  publisher={BioMed Central}
}
@article{ling2007shape,
  title={Shape classification using the inner-distance},
  author={Ling, Haibin and Jacobs, David W},
  journal={IEEE transactions on pattern analysis and machine intelligence},
  volume={29},
  number={2},
  pages={286--299},
  year={2007},
  publisher={IEEE}
}
@article{belongie2002shape,
  title={Shape matching and object recognition using shape contexts},
  author={Belongie, Serge and Malik, Jitendra and Puzicha, Jan},
  journal={IEEE transactions on pattern analysis and machine intelligence},
  volume={24},
  number={4},
  pages={509--522},
  year={2002},
  publisher={IEEE}
}
@phdthesis{高梓瑞2012gabor,
  title={Gabor 滤波器在纹理分析中的应用研究},
  author={高梓瑞},
  year={2012},
  school={武汉: 武汉理工大学}
}
@mastersthesis{王铌2006海洋浮游生物数字图像处理方法,
  title={海洋浮游生物数字图像处理方法},
  author={王铌},
  year={2006},
  school={中国海洋大学}
}
@article{曹健渭2010基于散斑纹理变差函数的平磨表面粗糙度测量技术,
  title={基于散斑纹理变差函数的平磨表面粗糙度测量技术},
  author={曹健渭 and 卢荣胜 and 雷丽巧，等}, 
  journal={仪器仪表学报},
  number={10},
  pages={2302--2306},
  year={2010}
}
% and 杨蕾},
@inproceedings{ojala1994performance,
  title={Performance evaluation of texture measures with classification based on Kullback discrimination of distributions},
  author={Ojala, Timo and Pietikainen, Matti and Harwood, David},
  booktitle={Pattern Recognition, 1994. Vol. 1-Conference A: Computer Vision \&amp; Image Processing., Proceedings of the 12th IAPR International Conference on},
  volume={1},
  pages={582--585},
  year={1994},
  organization={IEEE}
}
@article{fernandez2011image,
  title={Image classification with binary gradient contours},
  author={Fern{\'a}ndez, Antonio and {\'A}lvarez, Marcos X and Bianconi, Francesco},
  journal={Optics and Lasers in Engineering},
  volume={49},
  number={9},
  pages={1177--1184},
  year={2011},
  publisher={Elsevier}
}
@misc{matheron1978randoms,
  title={Randoms sets and integral equation},
  author={Matheron, G},
  year={1978},
  publisher={Wiley, New York}
}
@inproceedings{dalal2005histograms,
  title={Histograms of oriented gradients for human detection},
  author={Dalal, Navneet and Triggs, Bill},
  booktitle={2005 IEEE Computer Society Conference on Computer Vision and Pattern Recognition},
  volume={1},
  pages={886--893},
  year={2005},
  organization={IEEE}
}
@inproceedings{lowe1999object,
  title={Object recognition from local scale-invariant features},
  author={Lowe, David G},
  booktitle={Computer vision, 1999. The proceedings of the seventh IEEE international conference on},
  volume={2},
  pages={1150--1157},
  year={1999},
  organization={Ieee}
}
@article{姚旭2012特征选择方法综述,
  title={特征选择方法综述},
  author={姚旭 and 王晓丹 and 张玉玺，等},
  journal={控制与决策},
  volume={27},
  number={2},
  pages={161--166},
  year={2012}
}
% and 权文},
@article{gonen2011multiple,
  title={Multiple Kernel Learning Algorithms},
  author={Nen, Mehmet and Alpayd and Ethem, N,},
  journal={Journal of Machine Learning Research},
  volume={12},
  pages={2211-2268},
  year={2011},
}
@article{rakotomamonjy2008simplemkl,
  title={Simplemkl},
  author={Rakotomamonjy, Alain and Bach, Francis R and Canu, Stéphane and Grandvalet, Yves},
  journal={Journal of Machine Learning Research},
  volume={9},
  number={3},
  pages={2491-2521},
  year={2008},
}
@inproceedings{varma2009more,
  title={More generality in efficient multiple kernel learning},
  author={Varma, Manik and Babu, Bodla Rakesh},
  booktitle={Proceedings of the 26th Annual International Conference on Machine Learning},
  pages={1065--1072},
  year={2009},
  organization={ACM}
}
@inproceedings{gonen2008localized,
  title={Localized multiple kernel learning},
  author={G{\"o}nen, Mehmet and Alpaydin, Ethem},
  booktitle={Proceedings of the 25th international conference on Machine learning},
  pages={352--359},
  year={2008},
  organization={ACM}
}
@inproceedings{cortes2009learning,
  title={Learning non-linear combinations of kernels},
  author={Cortes, Corinna and Mohri, Mehryar and Rostamizadeh, Afshin},
  booktitle={Advances in neural information processing systems},
  pages={396--404},
  year={2009}
}
@article{孙锐2014基于多特征和多核学习的行人检测方法的研究,
  title={基于多特征和多核学习的行人检测方法的研究},
  author={孙锐 and 侯能干 and 陈效华},
  journal={图学学报},
  volume={35},
  number={6},
  pages={869--875},
  year={2014}
}
@article{Kohavi1997Wrappers,
  title={Wrappers for feature subset selection},
  author={Kohavi, Ron and John, George H.},
  journal={Artificial Intelligence},
  volume={97},
  number={1-2},
  pages={273-324},
  year={1997},
}
@inproceedings{Kira1992The,
  title={The feature selection problem: traditional methods and a new algorithm},
  author={Kira, Kenji and Rendell, Larry A.},
  booktitle={Tenth National Conference on Artificial Intelligence},
  pages={129-134},
  year={1992},
}
@article{John1998Irrelevant,
  title={Irrelevant Features and the Subset Selection Problem},
  author={John, George H. and Kohavi, Ron and Pfleger, Karl},
  journal={Machine Learning Proceedings},
  pages={121-129},
  year={1998},
}
@inproceedings{Koller2000Toward,
  title={Toward Optimal Feature Selection},
  author={Koller, D.},
  booktitle={Proc. 13th International Conference on Machine Learning},
  pages={284--292},
  year={2000},
}
@article{Dash1997Feature,
  title={Feature Selection for Classification},
  author={Dash, M. and Liu, H.},
  journal={Intelligent Data Analysis},
  volume={1},
  number={1},
  pages={131-156},
  year={1997},
}
@article{Cortes1995Support,
  title={Support-Vector Networks.},
  author={Cortes, Corinna and Vapnik, Vladimir},
  journal={Machine Learning},
  volume={20},
  number={3},
  pages={273-297},
  year={1995},
}
@phdthesis{梁俊2014基于多核学习支持向量机的货币识别,
  title={基于多核学习支持向量机的货币识别},
  author={梁俊},
  school={中南大学},
  year={2014},
}
@inproceedings{Lowe2004Distinctive,
  title={Distinctive Image Features from Scale-Invariant Keypoints},
  author={Lowe, David G.},
  booktitle={International Journal of Computer Vision},
  pages={91-110},
  year={2004},
}
@inproceedings{Quantifying2015Ellen,
  title={Quantifying California current plankton samples with efficient machine learning techniques},
  author={Jeffrey, Ellen and Hongyu, Li and Mark, D. Ohman},
  booktitle={Proceedings of OCEANS 2015 MTS/IEEE Washington},
  pages={1--9},
  year={2015},
}
@article{王怀亮2011交叉验证在数据建模模型选择中的应用,
  title={交叉验证在数据建模模型选择中的应用},
  author={王怀亮},
  journal={商业经济},
  number={10},
  pages={20-21},
  year={2011},
}
@phdthesis{宁永鹏2014高维小样本数据的特征选择研究及其稳定性分析,
  title={高维小样本数据的特征选择研究及其稳定性分析},
  author={宁永鹏},
  school={厦门大学},
  year={2014},
}
@phdthesis{陈健斌2012图像特征提取及其相似度的研究和实现,
  title={图像特征提取及其相似度的研究和实现},
  author={陈健斌},
  school={西安电子科技大学},
  year={2012},
}
@phdthesis{杨小娜2013基于形状上下文的目标形状识别与匹配,
  title={基于形状上下文的目标形状识别与匹配},
  author={杨小娜},
  school={昆明理工大学},
  year={2013},
}